<?xml version="1.0" encoding="UTF-8"?><record xmlns="http://www.loc.gov/MARC21/slim" xmlns:cinclude="http://apache.org/cocoon/include/1.0" xmlns:zs="http://www.loc.gov/zing/srw/">
  <leader>00725nz  a2200157n  4500</leader>
  <controlfield tag="001">no2003015895</controlfield>
  <controlfield tag="003">DLC</controlfield>
  <controlfield tag="005">20030220052304.0</controlfield>
  <controlfield tag="008">030219n| acannaabn          |a ana     c</controlfield>
  <datafield tag="010" ind1=" " ind2=" ">
    <subfield code="a">no2003015895</subfield>
  </datafield>
  <datafield tag="035" ind1=" " ind2=" ">
    <subfield code="a">(OCoLC)oca05977481</subfield>
  </datafield>
  <datafield tag="040" ind1=" " ind2=" ">
    <subfield code="a">DHMM</subfield>
    <subfield code="b">eng</subfield>
    <subfield code="c">DHMM</subfield>
  </datafield>
  <datafield tag="110" ind1="2" ind2=" ">
    <subfield code="a">Zsidó Fiúarvaház</subfield>
  </datafield>
  <datafield tag="410" ind1="2" ind2=" ">
    <subfield code="a">Zsidó Fiúarvaház Vöröskeresztes Otthona</subfield>
  </datafield>
  <datafield tag="670" ind1=" " ind2=" ">
    <subfield code="a">Roboz, O. Zsidó Fiúarvaház Vöröskeresztes Otthona, 1984?:</subfield>
    <subfield code="b">t.p. (Zsidó Fiúarvaház Vöröskeresztes Otthona)</subfield>
  </datafield>
  <datafield tag="670" ind1=" " ind2=" ">
    <subfield code="a">Braham, R.L. Politics of genocide, 1994:</subfield>
    <subfield code="b">v. 2, p. 1121 (the largest of the children's homes protected by the International Red Cross was the Jewish Orphanage for Boys (Zsidó Fiúarvaház) headed by Ottó Roboz)</subfield>
  </datafield>
</record>